@article{Pulseoxymeter,
   author = "Edward D. Chan, Michael M. Chan, Mallory M. Chan. ",
   title = "{Pulse oximetry: Understanding its basic principles facilitates appreciation of its limitations}",
   journal = "Respiratory Medicine",
   volume = "107",
   number = "6",
   pages = "789-799",
   year = "2013",
   DOI = "https://doi.org/10.1016/j.rmed.2013.02.004"
   }


@article{Afib,
   author = "Tang, S.-C. et al.",
   title = "{Identification of Atrial Fibrillation by Quantitative Analyses of Fingertip Photoplethysmogram.}",
   journal = "Sci. Rep.",
   volume = "7,",
   number = "45644",
   year = "2017",
   DOI = "10.1038/srep45644"
   }


@article{Sickle,
   author = "Ortiz FO, Aldrich TK, Nagel RL, Benjamin LJ.",
   title = "{Accuracy of pulseoximetry in sickle cell disease.}",
   journal = "Am J Respir Crit Care Med",
   pages = "159-447, 51",
   year = "1999",
   }


@article{Hemoglobin,
   author = "Ranjan K. Dash and James B. Bassingthwaighte",
   title = "{Erratum to: Blood HbO2 and HbCO2 Dissociation Curves at Varied O2, CO2, pH, 2,3-DPG and Temperature Levels}",
   journal = "Ann Biomeg Eng.",
   volume = "38",
   number = "4",
   pages = "1683-1701",
   year = "2010",
   DOI = "10.1007/s10439-010-9948-y"
   }


@article{HRV,
   author = "Daniel T. Kaplan, et al.",
   title = "{Aging and the complexity of cardiovascular dynamics.}",
   journal = "Biophysical journal.",
   volume = "59",
   number = "",
   pages = "945.949",
   year = "1991",
   DOI = ""
   }

